@article{Baez2011,
author = {Baez, John C. and Hoffnung, Alexander E.},
doi = {10.1090/S0002-9947-2011-05107-X},
file = {:home/tony/Scaricati/BAEZ-CONVENIENTCATEGORIESSMOOTH-2011 (1).pdf:pdf},
issn = {0002-9947},
journal = {Transactions of the American Mathematical Society},
month = {nov},
number = {11},
pages = {5789--5825},
title = {{Convenient categories of smooth spaces}},
url = {http://www.ams.org/jourcgi/jour-getitem?pii=S0002-9947-2011-05107-X},
volume = {363},
year = {2011}
}
@unpublished{Blohmann24,
author = {Blohmann, Christian},
institution = {Max Planck Institute for Mathematics},
title = {{Lagrangian Field Theory - Lecture Notes}},
url = {https://people.mpim-bonn.mpg.de/blohmann/LFT/},
year = {2024}
}
@misc{nlab:presheaf,
  author = {{nLab authors}},
  title = {presheaf},
  howpublished = {\url{https://ncatlab.org/nlab/show/presheaf}},
  note = {\href{https://ncatlab.org/nlab/revision/presheaf/60}{Revision 60}},
  month = nov,
  year = 2024
}
@misc{nlab:yoneda_embedding,
  author = {{nLab authors}},
  title = {{{Y}}oneda embedding},
  howpublished = {\url{https://ncatlab.org/nlab/show/Yoneda+embedding}},
  note = {\href{https://ncatlab.org/nlab/revision/Yoneda+embedding/43}{Revision 43}},
  month = nov,
  year = 2024
}
@misc{nlab:representable_functor,
  author = {{nLab authors}},
  title = {representable functor},
  howpublished = {\url{https://ncatlab.org/nlab/show/representable+functor}},
  note = {\href{https://ncatlab.org/nlab/revision/representable+functor/57}{Revision 57}},
  month = nov,
  year = 2024
}